@inproceedings{FLP,
    author    = {Michael J. Fischer and
    Nancy A. Lynch and
    Mike Paterson},
    editor    = {Ronald Fagin and
    Philip A. Bernstein},
    title     = {Impossibility of Distributed Consensus with One Faulty Process},
    booktitle = {Proceedings of the Second {ACM} {SIGACT-SIGMOD} Symposium on Principles
    of Database Systems, March 21-23, 1983, Colony Square Hotel, Atlanta,
    Georgia, {USA}},
    pages     = {1--7},
    publisher = {{ACM}},
    year      = {1983},
    url       = {https://doi.org/10.1145/588058.588060},
    doi       = {10.1145/588058.588060},
    timestamp = {Tue, 06 Nov 2018 16:58:02 +0100},
    biburl    = {https://dblp.org/rec/conf/pods/FischerLP83.bib},
    bibsource = {dblp computer science bibliography, https://dblp.org}
}

@inproceedings{raft,
    author    = {Diego Ongaro and
    John K. Ousterhout},
    editor    = {Garth Gibson and
    Nickolai Zeldovich},
    title     = {In Search of an Understandable Consensus Algorithm},
    booktitle = {2014 {USENIX} Annual Technical Conference, {USENIX} {ATC} '14, Philadelphia,
    PA, USA, June 19-20, 2014},
    pages     = {305--319},
    publisher = {{USENIX} Association},
    year      = {2014},
    url       = {https://www.usenix.org/conference/atc14/technical-sessions/presentation/ongaro},
    timestamp = {Mon, 01 Feb 2021 08:43:54 +0100},
    biburl    = {https://dblp.org/rec/conf/usenix/OngaroO14.bib},
    bibsource = {dblp computer science bibliography, https://dblp.org}
}

@article{paxos,
    author    = {Marshall C. Pease and
    Robert E. Shostak and
    Leslie Lamport},
    title     = {Reaching Agreement in the Presence of Faults},
    journal   = {J. {ACM}},
    volume    = {27},
    number    = {2},
    pages     = {228--234},
    year      = {1980},
    url       = {http://doi.acm.org/10.1145/322186.322188},
    doi       = {10.1145/322186.322188},
    timestamp = {Wed, 14 Nov 2018 10:35:23 +0100},
    biburl    = {https://dblp.org/rec/journals/jacm/PeaseSL80.bib},
    bibsource = {dblp computer science bibliography, https://dblp.org}
}

@inproceedings{sintra,
    author    = {Christian Cachin and
    Jonathan A. Poritz},
    title     = {Secure Intrusion-tolerant Replication on the Internet},
    booktitle = {2002 International Conference on Dependable Systems and Networks {(DSN}
    2002), 23-26 June 2002, Bethesda, MD, USA, Proceedings},
    pages     = {167--176},
    publisher = {{IEEE} Computer Society},
    year      = {2002},
    url       = {https://doi.org/10.1109/DSN.2002.1028897},
    doi       = {10.1109/DSN.2002.1028897},
    timestamp = {Wed, 16 Oct 2019 14:14:55 +0200},
    biburl    = {https://dblp.org/rec/conf/dsn/CachinP02.bib},
    bibsource = {dblp computer science bibliography, https://dblp.org}
}

@inproceedings{hbbft,
    author    = {Andrew Miller and
    Yu Xia and
    Kyle Croman and
    Elaine Shi and
    Dawn Song},
    editor    = {Edgar R. Weippl and
    Stefan Katzenbeisser and
    Christopher Kruegel and
    Andrew C. Myers and
    Shai Halevi},
    title     = {The Honey Badger of {BFT} Protocols},
    booktitle = {Proceedings of the 2016 {ACM} {SIGSAC} Conference on Computer and
    Communications Security, Vienna, Austria, October 24-28, 2016},
    pages     = {31--42},
    publisher = {{ACM}},
    year      = {2016},
    url       = {https://doi.org/10.1145/2976749.2978399},
    doi       = {10.1145/2976749.2978399},
    timestamp = {Tue, 10 Nov 2020 20:00:49 +0100},
    biburl    = {https://dblp.org/rec/conf/ccs/MillerXCSS16.bib},
    bibsource = {dblp computer science bibliography, https://dblp.org}
}